[gd_scene load_steps=3 format=2]

[ext_resource path="res://Lobby/Lobby.gd" type="Script" id=1]
[ext_resource path="res://Network/godothub/ws.gd" type="Script" id=2]

[node name="LobbyUI" type="Control"]
script = ExtResource( 1 )

[node name="HBoxContainer" type="HBoxContainer" parent="."]
margin_left = 20.0
margin_top = 20.0
margin_right = 670.0
margin_bottom = 266.0
custom_constants/separation = 20

[node name="GamePlayers" type="VBoxContainer" parent="HBoxContainer"]
editor/display_folded = true
margin_right = 111.0
margin_bottom = 246.0

[node name="Label" type="Label" parent="HBoxContainer/GamePlayers"]
margin_right = 111.0
margin_bottom = 14.0
text = "Connected users:"
align = 1

[node name="playerList" type="ItemList" parent="HBoxContainer/GamePlayers"]
margin_top = 18.0
margin_right = 111.0
margin_bottom = 246.0
rect_min_size = Vector2( 0, 200 )
size_flags_horizontal = 3
size_flags_vertical = 3
same_column_width = true

[node name="Buttons" type="VBoxContainer" parent="HBoxContainer"]
editor/display_folded = true
margin_left = 131.0
margin_right = 301.0
margin_bottom = 246.0

[node name="HBoxContainer2" type="HBoxContainer" parent="HBoxContainer/Buttons"]
margin_right = 170.0
margin_bottom = 24.0

[node name="Label" type="Label" parent="HBoxContainer/Buttons/HBoxContainer2"]
margin_top = 5.0
margin_right = 66.0
margin_bottom = 19.0
text = "Username"

[node name="Input_username" type="LineEdit" parent="HBoxContainer/Buttons/HBoxContainer2"]
margin_left = 70.0
margin_right = 170.0
margin_bottom = 24.0
rect_min_size = Vector2( 100, 0 )
size_flags_horizontal = 3
caret_blink = true

[node name="joinButton" type="Button" parent="HBoxContainer/Buttons"]
margin_top = 28.0
margin_right = 170.0
margin_bottom = 48.0
text = "Join"

[node name="hostButton" type="Button" parent="HBoxContainer/Buttons"]
margin_top = 52.0
margin_right = 170.0
margin_bottom = 72.0
text = "Create server"

[node name="disconnectButton" type="Button" parent="HBoxContainer/Buttons"]
margin_top = 76.0
margin_right = 170.0
margin_bottom = 96.0
disabled = true
text = "Disconnect"

[node name="startGameButton" type="Button" parent="HBoxContainer/Buttons"]
margin_top = 100.0
margin_right = 170.0
margin_bottom = 120.0
disabled = true
text = "Start Game"

[node name="HubGames" type="VBoxContainer" parent="HBoxContainer"]
margin_left = 321.0
margin_right = 671.0
margin_bottom = 246.0
script = ExtResource( 2 )

[node name="HBoxContainer" type="HBoxContainer" parent="HBoxContainer/HubGames"]
margin_right = 350.0
margin_bottom = 20.0

[node name="Label" type="Label" parent="HBoxContainer/HubGames/HBoxContainer"]
margin_top = 3.0
margin_right = 93.0
margin_bottom = 17.0
text = "Games on hub"
align = 1

[node name="refreshButton" type="Button" parent="HBoxContainer/HubGames/HBoxContainer"]
margin_left = 97.0
margin_right = 157.0
margin_bottom = 20.0
text = "Refresh"

[node name="ItemList" type="ItemList" parent="HBoxContainer/HubGames"]
margin_top = 24.0
margin_right = 350.0
margin_bottom = 246.0
rect_min_size = Vector2( 350, 0 )
size_flags_horizontal = 3
size_flags_vertical = 3
same_column_width = true

[connection signal="text_changed" from="HBoxContainer/Buttons/HBoxContainer2/Input_username" to="." method="send_local_player_info"]
[connection signal="pressed" from="HBoxContainer/Buttons/joinButton" to="." method="_on_joinButton_pressed"]
[connection signal="pressed" from="HBoxContainer/Buttons/hostButton" to="." method="_on_hostButton_pressed"]
[connection signal="pressed" from="HBoxContainer/Buttons/disconnectButton" to="." method="_on_disconnectButton_pressed"]
[connection signal="pressed" from="HBoxContainer/Buttons/startGameButton" to="." method="_on_startGameButton_pressed"]
[connection signal="pressed" from="HBoxContainer/HubGames/HBoxContainer/refreshButton" to="HBoxContainer/HubGames" method="_on_refreshButton_pressed"]
[connection signal="item_activated" from="HBoxContainer/HubGames/ItemList" to="." method="_on_ItemList_item_activated"]
